<record><leader>00000cas a22000007a 4500</leader><controlfield tag="001">8570920</controlfield><controlfield tag="008">820702d19uu198ucaudx ne      0   c0chird</controlfield><controlfield tag="009">467</controlfield><datafield ind1=" " ind2=" " tag="010"><subfield code="a">sn 82004848 </subfield></datafield><datafield ind1=" " ind2=" " tag="040"><subfield code="a">NSD</subfield><subfield code="b">eng</subfield><subfield code="c">NSD</subfield><subfield code="d">OCLCQ</subfield></datafield><datafield ind1=" " ind2=" " tag="012"><subfield code="j">1</subfield><subfield code="k">1</subfield><subfield code="l">1</subfield><subfield code="m">d</subfield></datafield><datafield ind1="0" ind2=" " tag="022"><subfield code="a">0733-2270</subfield><subfield code="l">0733-2270</subfield><subfield code="2">1</subfield></datafield><datafield ind1="1" ind2=" " tag="029"><subfield code="a">AU@</subfield><subfield code="b">000015610710</subfield></datafield><datafield ind1="1" ind2=" " tag="029"><subfield code="a">AU@</subfield><subfield code="b">000025785656</subfield></datafield><datafield ind1=" " ind2=" " tag="037"><subfield code="b">China Times, Inc., 445 Madera Ave., San Gabriel, CA 91776</subfield></datafield><datafield ind1=" " ind2=" " tag="042"><subfield code="a">nsdp</subfield></datafield><datafield ind1="1" ind2=" " tag="082"><subfield code="a">071</subfield><subfield code="2">11</subfield></datafield><datafield ind1="0" ind2=" " tag="210"><subfield code="a">Zho&#772;nggu&#774;o shi&#769;ba&#768;o</subfield></datafield><datafield ind1=" " ind2="0" tag="222"><subfield code="a">Zho&#772;nggu&#774;o shi&#769;ba&#768;o</subfield></datafield><datafield ind1="0" ind2="0" tag="245"><subfield code="a">Zhongguo shi bao =</subfield><subfield code="b">China times.</subfield></datafield><datafield ind1="3" ind2="1" tag="246"><subfield code="a">China times</subfield></datafield><datafield ind1=" " ind2=" " tag="260"><subfield code="a">Washington, D.C. :</subfield><subfield code="b">China Times, Inc.</subfield></datafield><datafield ind1=" " ind2=" " tag="300"><subfield code="a">v.</subfield></datafield><datafield ind1=" " ind2=" " tag="310"><subfield code="a">Daily (except holidays),</subfield><subfield code="b">&lt;Mar. 26, 1984-&gt;</subfield></datafield><datafield ind1=" " ind2=" " tag="321"><subfield code="a">Daily</subfield></datafield><datafield ind1=" " ind2=" " tag="500"><subfield code="a">Imprint varies: San Gabriel, Calif. : China Times, &lt;Mar. 26. 1984-&gt;</subfield></datafield><datafield ind1=" " ind2=" " tag="515"><subfield code="a">Also carries numbering of the Taipei newspaper: Shi bao za zhi.</subfield></datafield><datafield ind1=" " ind2=" " tag="546"><subfield code="a">In Chinese.</subfield></datafield><datafield ind1=" " ind2=" " tag="588"><subfield code="a">Description based on surrogate of: Nov. 14, 1981.</subfield></datafield><datafield ind1=" " ind2=" " tag="752"><subfield code="a">United States</subfield><subfield code="b">California</subfield><subfield code="c">Los Angeles</subfield><subfield code="d">San Gabriel.</subfield></datafield><datafield ind1=" " ind2=" " tag="752"><subfield code="a">United States</subfield><subfield code="b">District of Columbia</subfield><subfield code="d">Washington.</subfield></datafield><datafield ind1="0" ind2="0" tag="785"><subfield code="t">Shi bao zhou kan (Meizhou ban)</subfield><subfield code="x">0883-6655</subfield></datafield><datafield ind1="1" ind2=" " tag="787"><subfield code="t">Shi bao za zhi</subfield><subfield code="w">(OCoLC)8065507</subfield></datafield><datafield ind1=" " ind2=" " tag="936"><subfield code="a">Mar. 26, 1984</subfield></datafield></record>